@inproceedings{sinangil2014self,
  title={A self-aware processor SoC using energy monitors integrated into power converters for self-adaptation},
  author={Sinangil, Yildiz and Neuman, Sabrina M and Sinangil, Mahmut E and Ickes, Nathan and Bezerra, George and Lau, Eric and Miller, Jason E and Hoffmann, Henry C and Devadas, Srini and Chandraksan, Anantha P},
  booktitle={Symposium on VLSI},
  year={2014},
}

@inproceedings{HotPower,
  title={Racing and pacing to idle: an evaluation of heuristics for energy-aware resource allocation},
  author={Hoffmann, Henry},
  booktitle={HotPower},
  year={2013},
}

@inproceedings{Albers,
  author    = {Susanne Albers},
  title     = {Algorithms for Dynamic Speed Scaling},
  booktitle = {STACS},
  year      = {2011},
  pages     = {1-11},
}

@book{Abeni,
  title={Soft Real-Time Systems: Predictability vs. Efficiency},
  author={Buttazzo, Giorgio C and Lipari, Giuseppe and Abeni, Luca and Caccamo, Marco},
  year={2006},
  publisher={Springer}
}


@INPROCEEDINGS{Bertini2007,
author={Bertini, L. and Leite, J.C.B. and Mosse, D.},
booktitle={ECRTS},
title={Statistical QoS Guarantee and Energy-Efficiency in Web Server Clusters},
year={2007},
}

@inproceedings{AbouGhazaleh2007,
 author = {AbouGhazaleh, Nevine and Ferreira, Alexandre and Rusu, Cosmin and Xu, Ruibin and Liberato, Frank and Childers, Bruce and Mosse, Daniel and Melhem, Rami},
 title = {Integrated CPU and L2 Cache Voltage Scaling Using Machine Learning},
 booktitle = {LCTES},
 year = {2007},
} 



@inproceedings{Zhao:2011:GRE:2024724.2024815,
 author = {Zhao, Baoxian and Aydin, Hakan and Zhu, Dakai},
 title = {Generalized Reliability-oriented Energy Management for Real-time Embedded Applications},
 booktitle = {DAC},
 year = {2011},
} 

@inproceedings{Zhao2012,
 author = {Zhao, Baoxian and Aydin, Hakan and Zhu, Dakai},
 title = {Energy Management Under General Task-Level Reliability Constraints},
 booktitle = {RTAS},
 year = {2012},
} 

@inproceedings {Petrucci2012,
author = {Vinivius Petrucci and Orlando Loques and Daniel Mosse},
title = {Lucky Scheduling for Energy-Efficient Heterogeneous Multi-Core Systems},
booktitle = {HotPower},
year = {2012},
}

@INPROCEEDINGS{He2013,
author={Liang He and Lipeng Gu and Linghe Kong and Yu Gu and Cong Liu and Tian He},
booktitle={RTSS},
title={Exploring Adaptive Reconfiguration to Optimize Energy Efficiency in Large-Scale Battery Systems},
year={2013},
}

@inproceedings{Liu2008, 
title={PASS: power-aware scheduling of mixed
applications with deadline constraints on clusters}, 
author={Liu, Cong and Qin, Xiao and Li, Shuang}, 
booktitle={ICCCN},
year={2008} }

@misc{ina231,
 author= {Texas Instruments},
 howpublished = {\url{http://www.ti.com/product/ina231}}
}

@techreport{welch2006kalman,
 author={Greg Welch and Gary Bishop},
 title = {An Introduction to the Kalman Filter},
 institution = "UNC Chapel Hill, Department of Computer Science",
 number={TR 95-041}
}

@book{LP,
 title = {Applied mathematical programming},
 author = {Bradley, S.P. and Hax, A.C. and Magnanti, T.L.},
 year = {1977},
 removed_publisher = {Addison-Wesley Pub. Co.}
}

@book{Hellerstein2004a,
 author = {Hellerstein, Joseph L. and Diao, Yixin and Parekh, Sujay and Tilbury, Dawn M.},
 title = {Feedback Control of Computing Systems},
 year = {2004},
 isbn = {047126637X},
 removed_publisher = {John Wiley \& Sons},
}

@book{Hoelzle2009,
 author = {Hoelzle, Urs and Barroso, Luiz Andre},
 title = {The Datacenter as a Computer: An Introduction to the Design of Warehouse-Scale Machines},
 year = {2009},
 edition = {1st},
 removed_publisher = {Morgan and Claypool Publishers},
} 

@inproceedings{CoAdapt,
 author = {Henry Hoffmann},
 title = {CoAdapt: Predictable Behavior for Accuracy-Aware Applications Running on Power-Aware Systems},
 booktitle = {ECRTS},
 year = {2014},
}

@article{google,
 author = {Barroso, Luiz Andr{\'e} and H\"{o}lzle, Urs},
 title = {The Case for Energy-Proportional Computing},
 journal = {Computer},
 issue_date = {December 2007},
 volume = {40},
 number = {12},
 removed_month = dec,
 year = {2007},
 issn = {0018-9162},
 removed_pages = {33--37},
 numremoved_pages = {5},
 url = {http://dx.doi.org/10.1109/MC.2007.443},
 doi = {10.1109/MC.2007.443},
 acmid = {1339894},
 removed_publisher = {IEEE Computer Society Press},
 removed_address = {Los Alamitos, CA, USA},
 keywords = {energy-proportional computing, green computing, green computing, energy-proportional computing},
} 

@inproceedings{parsec,
 author = {Bienia, Christian and Kumar, Sanjeev and Singh, Jaswinder Pal and Li, Kai},
 title = {The PARSEC Benchmark Suite: Characterization and Architectural Implications},
 booktitle = {17th Conference on Parallel Architectures and Compilation Techniques},
 removed_series = {PACT '08},
 year = {2008},
 isbn = {978-1-60558-282-5},
 removed_location = {Toronto, Ontario, Canada},
 removed_pages = {72--81},
 numremoved_pages = {10},
 url = {http://doi.acm.org/10.1145/1454115.1454128},
 doi = {10.1145/1454115.1454128},
 acmid = {1454128},
 removed_publisher = {ACM},
 removed_address = {New York, NY, USA},
 keywords = {benchmark suite, multithreading, performance measurement, shared-memory computers},
} 

@inproceedings{Bitirgen2008,
 author = {Bitirgen, Ramazan and Ipek, Engin and Martinez, Jose F.},
 title = {Coordinated Management of Multiple Interacting Resources in Chip Multiprocessors: A Machine Learning Approach},
 booktitle = {MICRO},
 year = {2008},
} 

@article{CaoSchwartz2003,
 author = {Cao, Liyu and Schwartz, Howard M.},
 title = {Analysis of the Kalman Filter Based Estimation Algorithm: An Orthogonal Decomposition Approach},
 journal = {Automatica},
 issue_date = {January, 2004},
 volume = {40},
 number = {1},
 removed_month = jan,
 year = {2004},
 issn = {0005-1098},
 removed_pages = {5--19},
 numremoved_pages = {15},
 url = {http://dx.doi.org/10.1016/j.automatica.2003.07.011},
 doi = {10.1016/j.automatica.2003.07.011},
 acmid = {2239766},
 removed_publisher = {Pergamon Press, Inc.},
 removed_address = {Tarrytown, NY, USA},
 keywords = {Directional tracking, Kalman filter, Least squares algorithm, Recursive parameter estimation, Windup},
} 

@inproceedings{Cao:2008:VBE:1475690.1475896,
 author = {Cao, Qing and Fesehaye, Debessay and Pham, Nam and Sarwar, Yusuf and Abdelzaher, Tarek},
 title = {Virtual Battery: An Energy Reserve Abstraction for Embedded Sensor Networks},
 booktitle = {RTSS},
 year = {2008},
} 

@inproceedings{Carroll13,
 author = {Carroll, Aaron and Heiser, Gernot},
 title = {Mobile Multicores: Use Them or Waste Them},
 booktitle = {HotPower},
 year = {2013},
} 

@article{Cheng2009,
  author    = {Hui Cheng and
               Steve Goddard},
  title     = {{SYS-EDF:} a system-wide energy-efficient scheduling algorithm for
               hard real-time systems},
  journal   = {{IJES}},
  year      = {2009},
  volume    = {4},
  number    = {2},
  removed_pages = {141--151},
  url       = {http://dx.doi.org/10.1504/IJES.2009.027938},
  doi       = {10.1504/IJES.2009.027938},
  timestamp = {Fri, 17 Oct 2014 22:33:03 +0200},
  biburl    = {http://dblp.uni-trier.de/rec/bib/journals/ijes/ChengG09},
  bibsource = {dblp computer science bibliography, http://dblp.org}
}

@inproceedings{dubach2010,
 author = {Dubach, Christophe and Jones, Timothy M. and Bonilla, Edwin V. and O'Boyle, Michael F. P.},
 title = {A Predictive Model for Dynamic Microarchitectural Adaptivity Control},
 booktitle = {MICRO},
 year = {2010},
} 

@inproceedings{ICSE2014,
 author = {Filieri, Antonio and Hoffmann, Henry and Maggio, Martina},
 title = {Automated Design of Self-adaptive Software with Control-theoretical Formal Guarantees},
 booktitle = {ICSE},
 year = {2014},
} 

@article{Flinn2004,
 author = {Flinn, Jason and Satyanarayanan, M.},
 title = {Managing Battery Lifetime with Energy-aware Adaptation},
 journal = {ACM Trans. Comput. Syst.},
 issue_date = {May 2004},
 volume = {22},
 number = {2},
 removed_month = may,
 year = {2004},
 issn = {0734-2071},
 removed_pages = {137--179},
 numremoved_pages = {43},
 url = {http://doi.acm.org/10.1145/986533.986534},
 doi = {10.1145/986533.986534},
 acmid = {986534},
 removed_publisher = {ACM},
 removed_address = {New York, NY, USA},
 keywords = {Power management, adaptation},
} 

@inproceedings{Fu2012,
 author = {Fu, Yong and Kottenstette, Nicholas and Lu, Chenyang and Koutsoukos, Xenofon D.},
 title = {Feedback Thermal Control of Real-time Systems on Multicore Processors},
 booktitle = {EMSOFT},
 year = {2012},
} 

@inproceedings{Hoffmann2012,
 author = {Hoffmann, Henry and Holt, Jim and Kurian, George and Lau, Eric and Maggio, Martina and Miller, Jason E. and Neuman, Sabrina M. and Sinangil, Mahmut and Sinangil, Yildiz and Agarwal, Anant and Chandrakasan, Anantha P. and Devadas, Srinivas},
 title = {Self-aware Computing in the Angstrom Processor},
 booktitle = {49th Annual Design Automation Conference},
 removed_series = {DAC '12},
 year = {2012},
 isbn = {978-1-4503-1199-1},
 removed_location = {San Francisco, California},
 removed_pages = {259--264},
 numremoved_pages = {6},
 url = {http://doi.acm.org/10.1145/2228360.2228409},
 doi = {10.1145/2228360.2228409},
 acmid = {2228409},
 removed_publisher = {ACM},
 removed_address = {New York, NY, USA},
 keywords = {adaptive systems, self-aware computing},
} 

@INPROCEEDINGS{PTRADE, 
author={Hoffmann, H. and Maggio, M. and Santambrogio, M.D. and Leva, A. and Agarwal, A.}, 
booktitle={EMSOFT}, 
title={A generalized software framework for accurate and efficient management of performance goals}, 
year={2013}, 
removed_month={Sept}, 
removed_pages = {1-10}, 
keywords={Linux;power aware computing;software performance evaluation;Linux-x86 systems;PTRADE;generalized software framework;performance goal management;performance management framework;power consumption minimization;run-time performance;simulated 128-core system;Actuators;Benchmark testing;Heart beat;Power demand;Runtime;Adaptive Systems;Power-aware Computing;Self-aware Computing}, 
doi={10.1109/EMSOFT.2013.6658597},}

@inproceedings{Imes2014,
 author = {Connor Imes and Henry Hoffmann},
 title = {Minimizing Energy Under Performance Constraints on Embedded Platforms: Resource Allocation Heuristics for Homogeneous and Single-ISA Heterogeneous Multi-Cores} ,
 booktitle = {EWiLi},
 year=2014,
}

@ARTICLE{parmibench, 
author={Iqbal, S.M.Z. and Yuchen Liang and Grahn, H.}, 
journal={Computer Architecture Letters}, 
title={ParMiBench - An Open-Source Benchmark for Embedded Multiprocessor Systems}, 
year={2010}, 
removed_month={Feb}, 
volume={9}, 
number={2}, 
removed_pages = {45-48}, 
keywords={benchmark testing;embedded systems;multiprocessing systems;parallel architectures;public domain software;ParMiBench;desktop;embedded multiprocessor system;embedded system market;intensive algorithm;laptop;open-source benchmark;parallel implementation;uniprocessor benchmark suite;Benchmark testing;Embedded system;Load management;Multicore processing;Performance evaluation;Program processors;Security;Concurrent Programming;Multiprocessor Systems;Performance Evaluation}, 
doi={10.1109/L-CA.2010.14}, 
ISSN={1556-6056},}

@inproceedings{biglittle,
  author    = {Brian Jeff},
  title     = {Big.LITTLE system architecture from {ARM:} saving power through heterogeneous
               multiprocessing and task context migration},
  booktitle = {DAC},
  year      = {2012},
  removed_pages = {1143--1146},
  url       = {http://doi.acm.org/10.1145/2228360.2228569},
  doi       = {10.1145/2228360.2228569},
  timestamp = {Fri, 17 Oct 2014 22:41:31 +0200},
  biburl    = {http://dblp.uni-trier.de/rec/bib/conf/dac/Jeff12},
  bibsource = {dblp computer science bibliography, http://dblp.org}
}

@article{xtune,
 author = {Kim, Minyoung and Stehr, Mark-Oliver and Talcott, Carolyn and Dutt, Nikil and Venkatasubramanian, Nalini},
 title = {xTune: A Formal Methodology for Cross-layer Tuning of Mobile Embedded Systems},
 journal = {ACM TECS},
 issue_date = {December 2012},
 volume = {11},
 number = {4},
 removed_month = jan,
 year = {2013},
 issn = {1539-9087},
 removed_pages = {73:1--73:23},
 articleno = {73},
 numremoved_pages = {23},
 url = {http://doi.acm.org/10.1145/2362336.2362340},
 doi = {10.1145/2362336.2362340},
 acmid = {2362340},
 removed_publisher = {ACM},
 removed_address = {New York, NY, USA},
 keywords = {Cross-layer optimization, formal methods, iterative tuning},
}

@inproceedings{LeSueur11,
 author = {Le Sueur, Etienne and Heiser, Gernot},
 title = {Slow Down or Sleep, That is the Question},
 booktitle = {USENIX ATC},
 year = {2011},
 removed_location = {Portland, OR},
 removed_pages = {16--16},
 numremoved_pages = {1},
 url = {http://dl.acm.org/citation.cfm?id=2002181.2002197},
 acmid = {2002197},
 removed_publisher = {USENIX Association},
 removed_address = {Berkeley, CA, USA},
} 

@ARTICLE{Agilos, 
author={Baochun Li and Nahrstedt, K.}, 
journal={IEEE Journal on Selected Areas in Communications}, 
title={A control-based middleware framework for quality-of-service adaptations}, 
year={1999}, 
removed_month={Sep}, 
volume={17}, 
number={9}, 
removed_pages = {1632-1650}, 
keywords={client-server systems;computer networks;fuzzy control;multimedia communication;quality of service;telecommunication control;QoS adaptation decisions;adaptation mechanisms;application-specific requirements;control-based middleware framework;critical application quality parameters;distributed multimedia application;distributed visual tracking;dynamic control;fairness;functionalities;fuzzy control model;heterogeneous environments;internal parameters;middleware control framework;performance variation;quality-of-service adaptations;resource availability;system resources;system-wide properties;task control model;Availability;Bandwidth;Control systems;Mechanical factors;Middleware;NASA;Operating systems;Protocols;Quality of service;Resource management}, 
doi={10.1109/49.790486}, 
ISSN={0733-8716},}

@article{Li2007,
 author = {Li, Xiaodong and Gupta, Ritu and Adve, Sarita V. and Zhou, Yuanyuan},
 title = {Cross-component Energy Management: Joint Adaptation of Processor and Memory},
 journal = {ACM Trans. Archit. Code Optim.},
 issue_date = {September 2007},
 volume = {4},
 number = {3},
 removed_month = sep,
 year = {2007},
 issn = {1544-3566},
 articleno = {14},
 url = {http://doi.acm.org/10.1145/1275937.1275938},
 doi = {10.1145/1275937.1275938},
 acmid = {1275938},
 removed_publisher = {ACM},
 removed_address = {New York, NY, USA},
 keywords = {Energy management, adaptive systems, control algorithms, low-power design, memory, performance guarantee, processor},
} 

@inproceedings{Lin2010,
 author = {Lin, Jian (Denny) and Song, Wei and Cheng, Albert M.K.},
 title = {Real-energy: A New Framework and a Case Study to Evaluate Power-aware Real-time Scheduling Algorithms},
 booktitle = {ISLPED},
 year = {2010},
 isbn = {978-1-4503-0146-6},
 removed_location = {Austin, Texas, USA},
 removed_pages = {153--158},
 numremoved_pages = {6},
 url = {http://doi.acm.org/10.1145/1840845.1840877},
 doi = {10.1145/1840845.1840877},
 acmid = {1840877},
 removed_publisher = {ACM},
 removed_address = {New York, NY, USA},
 keywords = {dynamic voltage scaling, leakage-aware, power-aware scheduling algorithms, real-time and embedded systems},
} 

@inproceedings{Maggio13,
 author = {Martina Maggio and Enrico Bini and Georgios Chasparis and 
   Karl-Erik {\AA}rz\'en},
 title = {A Game-Theoretic Resource Manager for RT Applications},
 booktitle = {Conference on Real-Time Systems (ECRTS)},
 year = {2013},
 removed_location = {Paris, France},
 removed_pages = {57--66},
}

@ARTICLE{TCST, 
author={Maggio, M. and Hoffmann, H. and Santambrogio, M.D. and Agarwal, A. and Leva, A.}, 
journal={IEEE TCST}, 
title={Power Optimization in Embedded Systems via Feedback Control of Resource Allocation}, 
year={2013}, 
removed_month={Jan}, 
volume={21}, 
number={1}, 
removed_pages = {239-246}, 
keywords={computer architecture;embedded systems;feedback;optimisation;power aware computing;resource allocation;architecture design;computationally lightweight control laws;control-theoretical methodology;embedded systems;feedback control;over-provisioned resources;power consumption;power optimization;resource allocation;resource usage;Actuators;Computer architecture;Encoding;Feedback control;Hardware;Power demand;Sensors;Computing systems;control systems;embedded systems;power consumption;self-adaptive systems}, 
doi={10.1109/TCST.2011.2177499}, 
ISSN={1063-6536},}

@ARTICLE{STREAM,
  author = {John D. McCalpin},
  title = {Memory Bandwidth and Machine Balance in Current High Performance
  Computers},
  journal = {IEEE TCCA Newsletter},
  year = {1995},
  removed_pages = {19--25},
  removed_month = dec,
  abstract = {The ratio of cpu speed to memory speed in current high-performance
  computers is growing rapidly, with significant implications for the
  design and implementation of algorithms in scientific computing.
  I present the results of a broad survey of memory bandwidth and machine
  balance for a large variety of current computers, including uniprocessors,
  vector processors, shared-memory systems, and districuted-memory
  systems. The results are analyzed in terms of the sustainable data
  transfer rates for uncached unit-stride vector operation for each
  machine, and for each class.},
  pdf = {http://tab.computer.org/tcca/NEWS/DEC95/dec95_mccalpin.ps}
}

@inproceedings{MeisnerISCA2011,
 author = {Meisner, David and Sadler, Christopher M. and Barroso, Luiz Andr{\'e} and Weber, Wolf-Dietrich and Wenisch, Thomas F.},
 title = {Power Management of Online Data-intensive Services},
 booktitle = {38th Annual Symposium on Computer Architecture},
 removed_series = {ISCA '11},
 year = {2011},
 isbn = {978-1-4503-0472-6},
 removed_location = {San Jose, California, USA},
 removed_pages = {319--330},
 numremoved_pages = {12},
 url = {http://doi.acm.org/10.1145/2000064.2000103},
 doi = {10.1145/2000064.2000103},
 acmid = {2000103},
 removed_publisher = {ACM},
 removed_address = {New York, NY, USA},
 keywords = {power management, servers},
}

@inproceedings{PowerSlope,
 author = {Miyoshi, Akihiko and Lefurgy, Charles and Van Hensbergen, Eric and Rajamony, Ram and Rajkumar, Raj},
 title = {Critical Power Slope: Understanding the Runtime Effects of Frequency Scaling},
 booktitle = {ICS},
 year = {2002},
 isbn = {1-58113-483-5},
 removed_location = {New York, New York, USA},
 removed_pages = {35--44},
 numremoved_pages = {10},
 url = {http://doi.acm.org/10.1145/514191.514200},
 doi = {10.1145/514191.514200},
 acmid = {514200},
 removed_publisher = {ACM},
 removed_address = {New York, NY, USA},
 keywords = {energy aware computing},
} 

@article{Sojka,
  author    = {Michal Sojka and
               Pavel P{\'{\i}}sa and
               Dario Faggioli and
               Tommaso Cucinotta and
               Fabio Checconi and
               Zdenek Hanz{\'{a}}lek and
               Giuseppe Lipari},
  title     = {Modular software architecture for flexible reservation mechanisms
               on heterogeneous resources},
  journal   = {Journal of Systems Architecture - Embedded Systems Design},
  year      = {2011},
  volume    = {57},
  number    = {4},
  removed_pages = {366--382},
  url       = {http://dx.doi.org/10.1016/j.sysarc.2011.02.005},
  doi       = {10.1016/j.sysarc.2011.02.005},
  timestamp = {Fri, 17 Oct 2014 22:49:05 +0200},
  biburl    = {http://dblp.uni-trier.de/rec/bib/journals/jsa/SojkaPFCCHL11},
  bibsource = {dblp computer science bibliography, http://dblp.org}
}

@inproceedings{dvfs,
 author = {Pering, Trevor and Burd, Tom and Brodersen, Robert},
 title = {The Simulation and Evaluation of Dynamic Voltage Scaling Algorithms},
 booktitle = {ISLPED},
 year = {1998},
 isbn = {1-58113-059-7},
 removed_location = {Monterey, California, USA},
 removed_pages = {76--81},
 numremoved_pages = {6},
 url = {http://doi.acm.org/10.1145/280756.280790},
 doi = {10.1145/280756.280790},
 acmid = {280790},
 removed_publisher = {ACM},
 removed_address = {New York, NY, USA},
} 

@inproceedings{Rajkumar,
 author = {Rajkumar, R. and Lee, C. and Lehoczky, J. and Siewiorek, D.},
 title = {A Resource Allocation Model for QoS Management},
 booktitle = {RTSS},
 year = {1997},
 isbn = {0-8186-8268-X},
 removed_pages = {298--},
 url = {http://dl.acm.org/citation.cfm?id=827269.828990},
 acmid = {828990},
 removed_publisher = {IEEE Computer Society},
 removed_address = {Washington, DC, USA},
 keywords = {Q-RAM, QoS management, application utility functions, application-specific quality requirements, concurrent applications, cryptographic security, data quality, data security, distributed systems, multimedia systems, networking, quality of service, real-time systems, resource allocation, resource allocation model, system reliability, timeliness, timing, videoconferencing system},
} 

@inproceedings{SandyBridge,
  author    = {Efi Rotem and Alon Naveh and Doron Rajwan amd Avinash Ananthakrishnan and Eli Weissmann},
  title     = "{Power management architecture of the 2nd generation Intel Core microarchitecture, formerly codenamed Sandy Bridge}",
  booktitle = {Hot Chips},
  removed_month = aug,
  year      = {2011},
}

@article{METE,
 author = {Sharifi, Akbar and Srikantaiah, Shekhar and Mishra, Asit K. and Kandemir, Mahmut and Das, Chita R.},
 title = {METE: Meeting End-to-end QoS in Multicores Through System-wide Resource Management},
 journal = {SIGMETRICS PER},
 issue_date = {June 2011},
 volume = {39},
 number = {1},
 removed_month = jun,
 year = {2011},
 issn = {0163-5999},
 removed_pages = {13--24},
 numremoved_pages = {12},
 url = {http://doi.acm.org/10.1145/2007116.2007119},
 doi = {10.1145/2007116.2007119},
 acmid = {2007119},
 removed_publisher = {ACM},
 removed_address = {New York, NY, USA},
 keywords = {control theory, end-to-end qos, resource management},
} 

@inproceedings{Sharma:2003:PQM:956418.956602,
 author = {Sharma, Vivek and Thomas, Arun and Abdelzaher, Tarek and Skadron, Kevin and Lu, Zhijian},
 title = {Power-aware QoS Management in Web Servers},
 booktitle = {RTSS},
 year = {2003},
 isbn = {0-7695-2044-8},
 removed_pages = {63--},
 url = {http://dl.acm.org/citation.cfm?id=956418.956602},
 acmid = {956602},
 removed_publisher = {IEEE Computer Society},
 removed_address = {Washington, DC, USA},
 keywords = {Dynamic Voltage Scaling, Web Servers, AperiodicTask Scheduling, Utilization Bounds, Linux},
}

@INPROCEEDINGS{exynos5, 
author={Youngmin Shin and Ken Shin and Kenkare, P. and Kashyap, R. and Hoi-Jin Lee and DongJoo Seo and Millar, B. and Yohan Kwon and Iyengar, R. and Min-Su Kim and Chowdhury, A. and Sung-il Bae and Inpyo Hong and Wookyeong Jeong and Lindner, A. and Ukrae Cho and Hawkins, K. and Jae Cheol Son and Seung Ho Hwang}, 
booktitle={ISSCC}, 
title={28nm high- metal-gate heterogeneous quad-core CPUs for high-performance and energy-efficient mobile application processor}, 
year={2013}, 
removed_month = {Feb}, 
removed_pages = {154-155}, 
keywords={high-k dielectric thin films;microprocessor chips;battery life;energy-efficient CPU;energy-efficient mobile application processor;high-k-metal-gate heterogeneous quad-core CPU;high-performance CPU;high-performance mobile devices;multicore CPU configuration;size 28 nm;ubiquitous devices}, 
doi={10.1109/ISSCC.2013.6487678}, 
ISSN={0193-6530},}

@inproceedings{Shye2009,
 author = {Shye, Alex and Scholbrock, Benjamin and Memik, Gokhan},
 title = {Into the Wild: Studying Real User Activity Patterns to Guide Power Optimizations for Mobile Architectures},
 booktitle = {MICRO},
 year = {2009},
 isbn = {978-1-60558-798-1},
 removed_location = {New York, New York},
 removed_pages = {168--178},
 numremoved_pages = {11},
 url = {http://doi.acm.org/10.1145/1669112.1669135},
 doi = {10.1145/1669112.1669135},
 acmid = {1669135},
 removed_publisher = {ACM},
 removed_address = {New York, NY, USA},
} 

@inproceedings{Koala,
 author = {Snowdon, David C. and Le Sueur, Etienne and Petters, Stefan M. and Heiser, Gernot},
 title = {Koala: A Platform for OS-level Power Management},
 booktitle = {EuroSys},
 year = {2009},
 isbn = {978-1-60558-482-9},
 removed_location = {Nuremberg, Germany},
 removed_pages = {289--302},
 numremoved_pages = {14},
 url = {http://doi.acm.org/10.1145/1519065.1519097},
 doi = {10.1145/1519065.1519097},
 acmid = {1519097},
 removed_publisher = {ACM},
 removed_address = {New York, NY, USA},
 keywords = {dynamic voltage scaling, efficiency, energy, modelling, operating systems, power, power management},
} 

@inproceedings{Thiagarajan2012,
 author = {Thiagarajan, Narendran and Aggarwal, Gaurav and Nicoara, Angela and Boneh, Dan and Singh, Jatinder Pal},
 title = {Who Killed My Battery?: Analyzing Mobile Browser Energy Consumption},
 booktitle = {WWW},
 year = {2012},
 isbn = {978-1-4503-1229-5},
 removed_location = {Lyon, France},
 removed_pages = {41--50},
 numremoved_pages = {10},
 url = {http://doi.acm.org/10.1145/2187836.2187843},
 doi = {10.1145/2187836.2187843},
 acmid = {2187843},
 removed_publisher = {ACM},
 removed_address = {New York, NY, USA},
 keywords = {android, energy consumption, mobile browser, offloading computations},
} 

@article{grace2,
  author    = {Vibhore Vardhan and
               Wanghong Yuan and
               Albert F. Harris III and
               Sarita V. Adve and
               Robin Kravets and
               Klara Nahrstedt and
               Daniel Grobe Sachs and
               Douglas L. Jones},
  title     = {{GRACE-2:} integrating fine-grained application adaptation with global
               adaptation for saving energy},
  journal   = {{IJES}},
  year      = {2009},
  volume    = {4},
  number    = {2},
  removed_pages = {152--169},
  url       = {http://dx.doi.org/10.1504/IJES.2009.027939},
  doi       = {10.1504/IJES.2009.027939},
  timestamp = {Fri, 17 Oct 2014 22:54:31 +0200},
  biburl    = {http://dblp.uni-trier.de/rec/bib/journals/ijes/VardhanYHAKNSJ09},
  bibsource = {dblp computer science bibliography, http://dblp.org}
}

@INPROCEEDINGS{loopscheduling, 
author={Meng Wang and Zili Shao and Xue, C.J. and Sha, E.H.-M.}, 
booktitle={RTCSA}, 
title={Real-Time Loop Scheduling with Leakage Energy Minimization for Embedded VLIW DSP Processors}, 
year={2007}, 
removed_month={Aug}, 
removed_pages = {12-19}, 
keywords={computational complexity;digital signal processing chips;leakage currents;multiprocessing systems;processor scheduling;NP-complete problem;VLIW architecture;embedded VLIW DSP processors;leakage energy minimization loop scheduling algorithm;leakage energy saving;leakage power reduction;minimum leakage energy consumption;real-time instruction-level loop scheduling;real-time loop scheduling;timing constraint;Computer science;Digital signal processing;Dynamic voltage scaling;Embedded computing;Energy consumption;Processor scheduling;Scheduling algorithm;Timing;VLIW;Voltage control}, 
doi={10.1109/RTCSA.2007.60}, 
ISSN={1533-2306},}

@INPROCEEDINGS{Yang2007, 
author={Chuan-Yue Yang and Jian-Jia Chen and Chia-Mei Hung and Tei-Wei Kuo}, 
booktitle={SOCRTD}, 
title={System-Level Energy-Efficiency for Real-Time Tasks}, 
year={2007}, 
removed_month={May}, 
removed_pages = {266-273}, 
keywords={power aware computing;processor scheduling;dynamic voltage scaling;embedded system;energy-efficient scheduling;real-time process scheduling;static scheduling;system energy consumption;Dynamic scheduling;Dynamic voltage scaling;Embedded system;Energy consumption;Energy efficiency;Processor scheduling;Real time systems;Scheduling algorithm;Timing;Voltage control;Embedded Systems;Energy-Efficient Scheduling;Real-Time Process Scheduling.}, 
doi={10.1109/ISORC.2007.55},}

@INPROCEEDINGS{Yun2010, 
author={Heechul Yun and Po-Liang Wu and Arya, A. and Abdelzaher, T. and Cheolgi Kim and Lui Sha}, 
booktitle={ECRTS}, 
title={System-Wide Energy Optimization for Multiple DVS Components and Real-Time Tasks}, 
year={2010}, 
removed_month={July}, 
removed_pages = {133-142}, 
keywords={embedded systems;power aware computing;dynamic voltage and frequency scaling techniques;embedded systems;memory access cycles;multiple DVS components;real-time tasks;system-wide energy optimization;Biological system modeling;Capacitance;Clocks;Energy consumption;Frequency modulation;Memory management;Voltage control;DVS;Energy Optimization;Multi-DVS}, 
doi={10.1109/ECRTS.2010.14}, 
ISSN={1068-3070},}

@INPROCEEDINGS{ControlWare, 
author={Ronghua Zhang and Chenyang Lu and Abdelzaher, T.F. and Stankovic, J.A.}, 
booktitle={ICDCS}, 
title={ControlWare: a middleware architecture for feedback control of software performance}, 
year={2002}, 
removed_month={}, 
removed_pages = {301-310}, 
keywords={client-server systems;distributed object management;quality of service;ControlWare;Internet services;QoS-control;convergence guarantees;distributed real-time applications;middleware architecture;software performance assurances;Application software;Computer architecture;Control system analysis;Embedded system;Feedback control;Fluctuations;Middleware;Performance analysis;Real time systems;Software performance}, 
doi={10.1109/ICDCS.2002.1022267}, 
ISSN={1063-6927},}

@inproceedings{ReddiHPCA,
 author = {Zhu, Yuhao and Reddi, Vijay Janapa},
 title = {High-performance and Energy-efficient Mobile Web Browsing on Big/Little Systems},
 booktitle = {HPCA},
 year = {2013},
 isbn = {978-1-4673-5585-8},
 removed_pages = {13--24},
 numremoved_pages = {12},
 url = {http://dx.doi.org/10.1109/HPCA.2013.6522303},
 doi = {10.1109/HPCA.2013.6522303},
 acmid = {2495486},
 removed_publisher = {IEEE Computer Society},
 removed_address = {Washington, DC, USA},
} 

@inproceedings{RAPL,
 author = {David, Howard and Gorbatov, Eugene and Hanebutte, Ulf R. and Khanna, Rahul and Le, Christian},
 title = {RAPL: Memory Power Estimation and Capping},
 booktitle = {ISLPED},
 year = {2010},
} 

@inproceedings{RountreeAdagio,
 author = {Rountree, Barry and Lownenthal, David K. and de Supinski, Bronis R. and Schulz, Martin and Freeh, Vincent W. and Bletsch, Tyler},
 title = {Adagio: Making DVS Practical for Complex HPC Applications},
 removed_booktitle = {Proceedings of the 23rd International Conference on Supercomputing},
 booktitle = {ICS},
 removed_series = {ICS '09},
 year = {2009},
 removed_isbn = {978-1-60558-498-0},
 removed_location = {Yorktown Heights, NY, USA},
 removed_pages = {460--469},
 removed_numpages = {10},
 url = {http://doi.acm.org/10.1145/1542275.1542340},
 doi = {10.1145/1542275.1542340},
 removed_acmid = {1542340},
 removed_publisher = {ACM},
 removed_address = {New York, NY, USA},
 removed_keywords = {dvfs, dvs, energy, mpi, runtime},
}

@INPROCEEDINGS{Jitter,
author={N. Kappiah and V. W. Freeh and D. K. Lowenthal},
removed_booktitle={Supercomputing, 2005. Proceedings of the ACM/IEEE SC 2005 Conference},
booktitle={SC},
title={Just In Time Dynamic Voltage Scaling: Exploiting Inter-Node Slack to Save Energy in MPI Programs},
year={2005},
removed_pages={33-33},
removed_keywords={Computer science;Dynamic voltage scaling;Energy consumption;Energy efficiency;Frequency;Gears;Jitter;Microprocessors;Performance loss;Permission},
doi={10.1109/SC.2005.39},
removed_month={Nov},}

@online{PCMGit,
 title = {Processor Counter Monitor (PCM)},
 author = {opcm},
 url = {https://github.com/opcm/pcm},
 year = {2016},
}
